@article{Monaci,
  author =       "M. Monaci, U. Pferschy, P. Serafini",
  title =        "Exact solution of the robust knapsack problem",
  journal =      "Elsevier",
  volume =       "40",
  number =       "11",
  pages =        "2625--2631",
  year =         "2013",
  DOI =          "https://doi.org/10.1016/j.cor.2013.05.005",
  keywords =     ""
}

@article{price,
  author =       "Bertsimas D., Sim M. ",
  title =        "The Price of Robustness",
  journal =      "Informs",
  volume =       "52",
  number =       "1",
  pages =        "35-53",
  year =         "2004",
  DOI =          "10.1287/opre.1030.0065",
  keywords =     ""
 }
 
@article{Klopfenstein,
  author =       "Klopfenstein O., Nace D. ",
  title =        "A robust approach to the chance-constrained knapsack problem",
  journal =      "Operational Research Letters",
  volume =       "36",
  number =       "",
  pages =        "628--32",
  year =         "2008",
  DOI =          "",
  keywords =     ""
}